
<?xml version="1.0" encoding="UTF-8"?>
<record xmlns="http://www.loc.gov/MARC21/slim">
  <leader>     cas a22        4500</leader>
  <controlfield tag="001">103050346X</controlfield>
  <controlfield tag="003">DE-627</controlfield>
  <controlfield tag="005">20190609135444.0</controlfield>
  <controlfield tag="007">cr uuu---uuuuu</controlfield>
  <controlfield tag="008">180910c20169999xx a| p|o    |0   |0eng c</controlfield>
  <datafield tag="016" ind1="7" ind2=" ">
    <subfield code="a">1166604780</subfield>
    <subfield code="2">DE-101</subfield>
  </datafield>
  <datafield tag="016" ind1="7" ind2=" ">
    <subfield code="a">2942034-9</subfield>
    <subfield code="2">DE-600</subfield>
  </datafield>
  <datafield tag="022" ind1=" " ind2=" ">
    <subfield code="a">2518-847x</subfield>
  </datafield>
  <datafield tag="035" ind1=" " ind2=" ">
    <subfield code="a">(DE-627)103050346X</subfield>
  </datafield>
  <datafield tag="035" ind1=" " ind2=" ">
    <subfield code="a">(DE-576)510815634</subfield>
  </datafield>
  <datafield tag="035" ind1=" " ind2=" ">
    <subfield code="a">(DE-599)ZDB2942034-9</subfield>
  </datafield>
  <datafield tag="035" ind1=" " ind2=" ">
    <subfield code="a">(DE-101)1166604780</subfield>
  </datafield>
  <datafield tag="040" ind1=" " ind2=" ">
    <subfield code="a">DE-627</subfield>
    <subfield code="b">ger</subfield>
    <subfield code="c">DE-627</subfield>
    <subfield code="e">rda</subfield>
  </datafield>
  <datafield tag="041" ind1=" " ind2=" ">
    <subfield code="a">eng</subfield>
  </datafield>
  <datafield tag="044" ind1=" " ind2=" ">
    <subfield code="c">XC-ZA</subfield>
  </datafield>
  <datafield tag="082" ind1="0" ind2="4">
    <subfield code="a">330</subfield>
    <subfield code="q">DE-600</subfield>
  </datafield>
  <datafield tag="084" ind1=" " ind2=" ">
    <subfield code="a">AFRIKA</subfield>
    <subfield code="q">DE-30</subfield>
    <subfield code="2">fid</subfield>
  </datafield>
  <datafield tag="245" ind1="1" ind2="0">
    <subfield code="a">Journal of African political economy and development</subfield>
    <subfield code="c">The African Finance &amp; Economics Consult</subfield>
  </datafield>
  <datafield tag="264" ind1="3" ind2="1">
    <subfield code="a">[Erscheinungsort nicht ermittelbar]</subfield>
    <subfield code="b">The African Finance &amp; Economics Consult</subfield>
    <subfield code="c">[2016]-</subfield>
  </datafield>
  <datafield tag="300" ind1=" " ind2=" ">
    <subfield code="a">Online-Ressource</subfield>
  </datafield>
  <datafield tag="336" ind1=" " ind2=" ">
    <subfield code="a">Text</subfield>
    <subfield code="b">txt</subfield>
    <subfield code="2">rdacontent</subfield>
  </datafield>
  <datafield tag="337" ind1=" " ind2=" ">
    <subfield code="a">Computermedien</subfield>
    <subfield code="b">c</subfield>
    <subfield code="2">rdamedia</subfield>
  </datafield>
  <datafield tag="338" ind1=" " ind2=" ">
    <subfield code="a">Online-Ressource</subfield>
    <subfield code="b">cr</subfield>
    <subfield code="2">rdacarrier</subfield>
  </datafield>
  <datafield tag="362" ind1="0" ind2=" ">
    <subfield code="a">Volume 1, issue 1 (december 2016)-</subfield>
  </datafield>
  <datafield tag="363" ind1="0" ind2="1">
    <subfield code="j">12</subfield>
    <subfield code="a">1</subfield>
    <subfield code="b">1</subfield>
    <subfield code="i">2016</subfield>
  </datafield>
  <datafield tag="500" ind1=" " ind2=" ">
    <subfield code="a">Gesehen am 10.09.2018</subfield>
  </datafield>
  <datafield tag="650" ind1=" " ind2="7">
    <subfield code="8">1.1\x</subfield>
    <subfield code="a">Wirtschaftswissenschaft</subfield>
    <subfield code="0">(DE-627)091401372</subfield>
    <subfield code="0">(DE-STW)10032-2</subfield>
    <subfield code="2">stw</subfield>
  </datafield>
  <datafield tag="650" ind1=" " ind2="7">
    <subfield code="8">1.2\x</subfield>
    <subfield code="a">Entwicklung</subfield>
    <subfield code="0">(DE-627)091357322</subfield>
    <subfield code="0">(DE-STW)10513-0</subfield>
    <subfield code="2">stw</subfield>
  </datafield>
  <datafield tag="650" ind1=" " ind2="7">
    <subfield code="8">1.3\x</subfield>
    <subfield code="a">Afrika</subfield>
    <subfield code="0">(DE-627)091345790</subfield>
    <subfield code="0">(DE-STW)17642-3</subfield>
    <subfield code="2">stw</subfield>
  </datafield>
  <datafield tag="655" ind1=" " ind2="7">
    <subfield code="a">Zeitschrift</subfield>
    <subfield code="0">(DE-588)4067488-5</subfield>
    <subfield code="0">(DE-627)10454466X</subfield>
    <subfield code="0">(DE-576)20917000X</subfield>
    <subfield code="2">gnd-content</subfield>
  </datafield>
  <datafield tag="710" ind1="2" ind2=" ">
    <subfield code="a">African Finance and Economics Consult</subfield>
    <subfield code="e">Herausgebendes Organ</subfield>
    <subfield code="0">(DE-588)1060231530</subfield>
    <subfield code="0">(DE-627)79932275X</subfield>
    <subfield code="4">isb</subfield>
  </datafield>
  <datafield tag="856" ind1="4" ind2="0">
    <subfield code="u">https://journals.co.za/content/journal/japed</subfield>
    <subfield code="x">Verlag</subfield>
  </datafield>
  <datafield tag="856" ind1="4" ind2="0">
    <subfield code="u">http://www.bibliothek.uni-regensburg.de/ezeit/?2942034</subfield>
    <subfield code="x">Frontdoor-Url</subfield>
  </datafield>
  <datafield tag="924" ind1="1" ind2=" ">
    <subfield code="a">1869867998</subfield>
    <subfield code="b">DE-206</subfield>
    <subfield code="9">206</subfield>
    <subfield code="c">GBV</subfield>
    <subfield code="g">ZBW-6-SAB</subfield>
    <subfield code="h">K:</subfield>
    <subfield code="k">http://www.bibliothek.uni-regensburg.de/ezeit/?2942034</subfield>
  </datafield>
  <datafield tag="924" ind1="1" ind2=" ">
    <subfield code="a">1869868005</subfield>
    <subfield code="b">DE-206</subfield>
    <subfield code="9">206</subfield>
    <subfield code="c">GBV</subfield>
    <subfield code="d">d</subfield>
  </datafield>
  <datafield tag="951" ind1=" " ind2=" ">
    <subfield code="a">JT</subfield>
  </datafield>
</record>