
<?xml version="1.0" encoding="UTF-8"?>
<record xmlns="http://www.loc.gov/MARC21/slim">
  <leader>     cas a22        4500</leader>
  <controlfield tag="001">837955149</controlfield>
  <controlfield tag="003">DE-627</controlfield>
  <controlfield tag="005">20191213133432.0</controlfield>
  <controlfield tag="007">cr uuu---uuuuu</controlfield>
  <controlfield tag="008">151028c20139999xx z| p|o    |0   |0eng c</controlfield>
  <datafield tag="016" ind1="7" ind2=" ">
    <subfield code="a">107784929X</subfield>
    <subfield code="2">DE-101</subfield>
  </datafield>
  <datafield tag="016" ind1="7" ind2=" ">
    <subfield code="a">2837757-6</subfield>
    <subfield code="2">DE-600</subfield>
  </datafield>
  <datafield tag="024" ind1="7" ind2=" ">
    <subfield code="a">98201335</subfield>
    <subfield code="2">swets</subfield>
  </datafield>
  <datafield tag="035" ind1=" " ind2=" ">
    <subfield code="a">(DE-627)837955149</subfield>
  </datafield>
  <datafield tag="035" ind1=" " ind2=" ">
    <subfield code="a">(DE-576)446741442</subfield>
  </datafield>
  <datafield tag="035" ind1=" " ind2=" ">
    <subfield code="a">(DE-599)ZDB2837757-6</subfield>
  </datafield>
  <datafield tag="035" ind1=" " ind2=" ">
    <subfield code="a">(OCoLC)927924979</subfield>
  </datafield>
  <datafield tag="040" ind1=" " ind2=" ">
    <subfield code="a">DE-627</subfield>
    <subfield code="b">ger</subfield>
    <subfield code="c">DE-627</subfield>
    <subfield code="e">rakwb</subfield>
  </datafield>
  <datafield tag="041" ind1=" " ind2=" ">
    <subfield code="a">eng</subfield>
  </datafield>
  <datafield tag="044" ind1=" " ind2=" ">
    <subfield code="c">XC-GH</subfield>
  </datafield>
  <datafield tag="082" ind1="0" ind2="4">
    <subfield code="a">330</subfield>
    <subfield code="q">DE-600</subfield>
  </datafield>
  <datafield tag="084" ind1=" " ind2=" ">
    <subfield code="a">!665629923!ECS-08001</subfield>
    <subfield code="2">SKW</subfield>
  </datafield>
  <datafield tag="245" ind1="1" ind2="0">
    <subfield code="a">Ghanaian journal of economics</subfield>
    <subfield code="b">GJE</subfield>
  </datafield>
  <datafield tag="246" ind1="3" ind2="3">
    <subfield code="a">GJE</subfield>
  </datafield>
  <datafield tag="264" ind1="3" ind2="1">
    <subfield code="a">[S.l.]</subfield>
    <subfield code="c">2013-</subfield>
  </datafield>
  <datafield tag="300" ind1=" " ind2=" ">
    <subfield code="a">Online-Ressource</subfield>
  </datafield>
  <datafield tag="336" ind1=" " ind2=" ">
    <subfield code="a">Text</subfield>
    <subfield code="b">txt</subfield>
    <subfield code="2">rdacontent</subfield>
  </datafield>
  <datafield tag="337" ind1=" " ind2=" ">
    <subfield code="a">Computermedien</subfield>
    <subfield code="b">c</subfield>
    <subfield code="2">rdamedia</subfield>
  </datafield>
  <datafield tag="338" ind1=" " ind2=" ">
    <subfield code="a">Online-Ressource</subfield>
    <subfield code="b">cr</subfield>
    <subfield code="2">rdacarrier</subfield>
  </datafield>
  <datafield tag="362" ind1="0" ind2=" ">
    <subfield code="a">1.2013 -</subfield>
  </datafield>
  <datafield tag="363" ind1="0" ind2="1">
    <subfield code="a">1</subfield>
    <subfield code="i">2013</subfield>
  </datafield>
  <datafield tag="500" ind1=" " ind2=" ">
    <subfield code="a">Gesehen am 20. Januar 2017</subfield>
  </datafield>
  <datafield tag="591" ind1=" " ind2=" ">
    <subfield code="a">206!URL-Ä(05-03-16)355!URL-Ä(20-01-17)</subfield>
  </datafield>
  <datafield tag="650" ind1=" " ind2="7">
    <subfield code="8">1.1\x</subfield>
    <subfield code="a">Wirtschaftswissenschaft</subfield>
    <subfield code="0">(DE-627)091401372</subfield>
    <subfield code="0">(DE-STW)10032-2</subfield>
    <subfield code="2">stw</subfield>
  </datafield>
  <datafield tag="650" ind1=" " ind2="7">
    <subfield code="8">1.2\x</subfield>
    <subfield code="a">Wirtschaftsforschung</subfield>
    <subfield code="0">(DE-627)091400937</subfield>
    <subfield code="0">(DE-STW)10037-6</subfield>
    <subfield code="2">stw</subfield>
  </datafield>
  <datafield tag="650" ind1=" " ind2="7">
    <subfield code="8">1.3\x</subfield>
    <subfield code="a">Afrika</subfield>
    <subfield code="0">(DE-627)091345790</subfield>
    <subfield code="0">(DE-STW)17642-3</subfield>
    <subfield code="2">stw</subfield>
  </datafield>
  <datafield tag="655" ind1=" " ind2="7">
    <subfield code="a">Zeitschrift</subfield>
    <subfield code="0">(DE-588)4067488-5</subfield>
    <subfield code="0">(DE-627)10454466X</subfield>
    <subfield code="0">(DE-576)20917000X</subfield>
    <subfield code="2">gnd-content</subfield>
  </datafield>
  <datafield tag="776" ind1="1" ind2=" ">
    <subfield code="x">2309-8945</subfield>
  </datafield>
  <datafield tag="776" ind1="0" ind2="8">
    <subfield code="i">Druckausg.</subfield>
    <subfield code="t">Ghanaian journal of economics</subfield>
    <subfield code="d">[S.l.], 2014</subfield>
    <subfield code="w">(DE-627)837955114</subfield>
  </datafield>
  <datafield tag="856" ind1="4" ind2="0">
    <subfield code="u">http://www.journals.co.za/content/journal/ghajecon</subfield>
    <subfield code="x">Verlag</subfield>
  </datafield>
  <datafield tag="856" ind1="4" ind2="0">
    <subfield code="u">http://www.bibliothek.uni-regensburg.de/ezeit/?2837757</subfield>
    <subfield code="x">Frontdoor-Url</subfield>
  </datafield>
  <datafield tag="912" ind1=" " ind2=" ">
    <subfield code="a">SSG-OLC-wiw</subfield>
  </datafield>
  <datafield tag="924" ind1="1" ind2=" ">
    <subfield code="a">3564648097</subfield>
    <subfield code="b">DE-206</subfield>
    <subfield code="9">206</subfield>
    <subfield code="c">GBV</subfield>
    <subfield code="d">d</subfield>
    <subfield code="g">ZBW-6-SAB</subfield>
    <subfield code="h">H:</subfield>
  </datafield>
  <datafield tag="924" ind1="1" ind2=" ">
    <subfield code="a">3564648100</subfield>
    <subfield code="b">DE-206</subfield>
    <subfield code="9">206</subfield>
    <subfield code="c">GBV</subfield>
    <subfield code="d">d</subfield>
  </datafield>
  <datafield tag="951" ind1=" " ind2=" ">
    <subfield code="a">JT</subfield>
  </datafield>
</record>