
<?xml version="1.0" encoding="UTF-8"?>
<record xmlns="http://www.loc.gov/MARC21/slim">
  <leader>     cas a22        4500</leader>
  <controlfield tag="001">856604968</controlfield>
  <controlfield tag="003">DE-627</controlfield>
  <controlfield tag="005">20190609130357.0</controlfield>
  <controlfield tag="007">cr uuu---uuuuu</controlfield>
  <controlfield tag="008">160411c19999999xx z| p|o    |0   |0eng c</controlfield>
  <datafield tag="016" ind1="7" ind2=" ">
    <subfield code="a">1096208652</subfield>
    <subfield code="2">DE-101</subfield>
  </datafield>
  <datafield tag="016" ind1="7" ind2=" ">
    <subfield code="a">2852153-5</subfield>
    <subfield code="2">DE-600</subfield>
  </datafield>
  <datafield tag="024" ind1="7" ind2=" ">
    <subfield code="a">98201091</subfield>
    <subfield code="2">swets</subfield>
  </datafield>
  <datafield tag="035" ind1=" " ind2=" ">
    <subfield code="a">(DE-627)856604968</subfield>
  </datafield>
  <datafield tag="035" ind1=" " ind2=" ">
    <subfield code="a">(DE-576)46791723X</subfield>
  </datafield>
  <datafield tag="035" ind1=" " ind2=" ">
    <subfield code="a">(DE-599)ZDB2852153-5</subfield>
  </datafield>
  <datafield tag="035" ind1=" " ind2=" ">
    <subfield code="a">(DE-101)1096208652</subfield>
  </datafield>
  <datafield tag="040" ind1=" " ind2=" ">
    <subfield code="a">DE-627</subfield>
    <subfield code="b">ger</subfield>
    <subfield code="c">DE-627</subfield>
    <subfield code="e">rda</subfield>
  </datafield>
  <datafield tag="041" ind1=" " ind2=" ">
    <subfield code="a">eng</subfield>
  </datafield>
  <datafield tag="044" ind1=" " ind2=" ">
    <subfield code="c">XC-ZA</subfield>
  </datafield>
  <datafield tag="082" ind1="0" ind2="4">
    <subfield code="a">330</subfield>
    <subfield code="q">DE-600</subfield>
  </datafield>
  <datafield tag="084" ind1=" " ind2=" ">
    <subfield code="a">ECS-05001</subfield>
    <subfield code="2">SKW</subfield>
  </datafield>
  <datafield tag="245" ind1="1" ind2="0">
    <subfield code="a">African finance journal</subfield>
    <subfield code="c">Africagrowth Institute</subfield>
  </datafield>
  <datafield tag="264" ind1="3" ind2="1">
    <subfield code="a">Cape Town</subfield>
    <subfield code="b">Africagrowth Institute</subfield>
    <subfield code="c">1999-</subfield>
  </datafield>
  <datafield tag="300" ind1=" " ind2=" ">
    <subfield code="a">Online-Ressource</subfield>
  </datafield>
  <datafield tag="336" ind1=" " ind2=" ">
    <subfield code="a">Text</subfield>
    <subfield code="b">txt</subfield>
    <subfield code="2">rdacontent</subfield>
  </datafield>
  <datafield tag="337" ind1=" " ind2=" ">
    <subfield code="a">Computermedien</subfield>
    <subfield code="b">c</subfield>
    <subfield code="2">rdamedia</subfield>
  </datafield>
  <datafield tag="338" ind1=" " ind2=" ">
    <subfield code="a">Online-Ressource</subfield>
    <subfield code="b">cr</subfield>
    <subfield code="2">rdacarrier</subfield>
  </datafield>
  <datafield tag="362" ind1="0" ind2=" ">
    <subfield code="a">Volume 1, issue 1, 1999-</subfield>
  </datafield>
  <datafield tag="363" ind1="0" ind2="1">
    <subfield code="a">1</subfield>
    <subfield code="b">1</subfield>
    <subfield code="i">1999</subfield>
  </datafield>
  <datafield tag="500" ind1=" " ind2=" ">
    <subfield code="a">Gesehen am 20.03.17</subfield>
  </datafield>
  <datafield tag="650" ind1=" " ind2="7">
    <subfield code="8">1.1\x</subfield>
    <subfield code="a">Finanzmarkt</subfield>
    <subfield code="0">(DE-627)091359937</subfield>
    <subfield code="0">(DE-STW)13723-2</subfield>
    <subfield code="2">stw</subfield>
  </datafield>
  <datafield tag="650" ind1=" " ind2="7">
    <subfield code="8">1.2\x</subfield>
    <subfield code="a">Finanzsektor</subfield>
    <subfield code="0">(DE-627)091360013</subfield>
    <subfield code="0">(DE-STW)18671-5</subfield>
    <subfield code="2">stw</subfield>
  </datafield>
  <datafield tag="650" ind1=" " ind2="7">
    <subfield code="8">1.3\x</subfield>
    <subfield code="a">Entwicklung</subfield>
    <subfield code="0">(DE-627)091357322</subfield>
    <subfield code="0">(DE-STW)10513-0</subfield>
    <subfield code="2">stw</subfield>
  </datafield>
  <datafield tag="650" ind1=" " ind2="7">
    <subfield code="8">1.4\x</subfield>
    <subfield code="a">Afrika</subfield>
    <subfield code="0">(DE-627)091345790</subfield>
    <subfield code="0">(DE-STW)17642-3</subfield>
    <subfield code="2">stw</subfield>
  </datafield>
  <datafield tag="655" ind1=" " ind2="7">
    <subfield code="a">Zeitschrift</subfield>
    <subfield code="0">(DE-588)4067488-5</subfield>
    <subfield code="0">(DE-627)10454466X</subfield>
    <subfield code="0">(DE-576)20917000X</subfield>
    <subfield code="2">gnd-content</subfield>
  </datafield>
  <datafield tag="710" ind1="2" ind2=" ">
    <subfield code="a">Africagrowth Institute</subfield>
    <subfield code="g">Bellville</subfield>
    <subfield code="e">Herausgebendes Organ</subfield>
    <subfield code="0">(DE-588)16091269-6</subfield>
    <subfield code="0">(DE-627)640480780</subfield>
    <subfield code="4">isb</subfield>
  </datafield>
  <datafield tag="856" ind1="4" ind2="0">
    <subfield code="u">http://www.bibliothek.uni-regensburg.de/ezeit/?2852153</subfield>
    <subfield code="x">Frontdoor-Url</subfield>
  </datafield>
  <datafield tag="856" ind1="4" ind2="0">
    <subfield code="u">http://journals.co.za/content/journal/finj</subfield>
    <subfield code="x">Verlag</subfield>
  </datafield>
  <datafield tag="856" ind1="4" ind2="0">
    <subfield code="u">http://reference.sabinet.co.za/document/EJC181198</subfield>
    <subfield code="x">Agentur</subfield>
  </datafield>
  <datafield tag="912" ind1=" " ind2=" ">
    <subfield code="a">SSG-OLC-wiw</subfield>
  </datafield>
  <datafield tag="924" ind1="1" ind2=" ">
    <subfield code="a">1609139240</subfield>
    <subfield code="b">DE-206</subfield>
    <subfield code="9">206</subfield>
    <subfield code="c">GBV</subfield>
    <subfield code="d">b</subfield>
  </datafield>
  <datafield tag="924" ind1="1" ind2=" ">
    <subfield code="a">1609139259</subfield>
    <subfield code="b">DE-206</subfield>
    <subfield code="9">206</subfield>
    <subfield code="c">GBV</subfield>
    <subfield code="d">b</subfield>
  </datafield>
  <datafield tag="951" ind1=" " ind2=" ">
    <subfield code="a">JT</subfield>
  </datafield>
</record>