
<?xml version="1.0" encoding="UTF-8"?>
<record xmlns="http://www.loc.gov/MARC21/slim">
  <leader>     cas a22        4500</leader>
  <controlfield tag="001">772494673</controlfield>
  <controlfield tag="003">DE-627</controlfield>
  <controlfield tag="005">20190609120210.0</controlfield>
  <controlfield tag="007">cr uuu---uuuuu</controlfield>
  <controlfield tag="008">131127c19679999xx z| p|o    |0   |0eng c</controlfield>
  <datafield tag="016" ind1="7" ind2=" ">
    <subfield code="a">1044534826</subfield>
    <subfield code="2">DE-101</subfield>
  </datafield>
  <datafield tag="016" ind1="7" ind2=" ">
    <subfield code="a">2743644-5</subfield>
    <subfield code="2">DE-600</subfield>
  </datafield>
  <datafield tag="035" ind1=" " ind2=" ">
    <subfield code="a">(DE-627)772494673</subfield>
  </datafield>
  <datafield tag="035" ind1=" " ind2=" ">
    <subfield code="a">(DE-576)398051054</subfield>
  </datafield>
  <datafield tag="035" ind1=" " ind2=" ">
    <subfield code="a">(DE-599)ZDB2743644-5</subfield>
  </datafield>
  <datafield tag="035" ind1=" " ind2=" ">
    <subfield code="a">(OCoLC)864628419</subfield>
  </datafield>
  <datafield tag="040" ind1=" " ind2=" ">
    <subfield code="a">DE-627</subfield>
    <subfield code="b">ger</subfield>
    <subfield code="c">DE-627</subfield>
    <subfield code="e">rakwb</subfield>
  </datafield>
  <datafield tag="041" ind1=" " ind2=" ">
    <subfield code="a">eng</subfield>
  </datafield>
  <datafield tag="044" ind1=" " ind2=" ">
    <subfield code="c">XC-ZA</subfield>
  </datafield>
  <datafield tag="082" ind1="0" ind2="4">
    <subfield code="a">510</subfield>
    <subfield code="q">DE-600</subfield>
  </datafield>
  <datafield tag="210" ind1="1" ind2="0">
    <subfield code="a">S. Afr. Statist. J.</subfield>
  </datafield>
  <datafield tag="210" ind1="1" ind2="0">
    <subfield code="a">S. Afr. Stat. J.</subfield>
  </datafield>
  <datafield tag="210" ind1="1" ind2="0">
    <subfield code="a">South African Statist. J.</subfield>
  </datafield>
  <datafield tag="245" ind1="1" ind2="0">
    <subfield code="a">South African statistical journal</subfield>
    <subfield code="b"> = Suid-Afrikaanse statistiese tydskrif</subfield>
    <subfield code="c">South African Statistical Association</subfield>
  </datafield>
  <datafield tag="246" ind1="3" ind2="1">
    <subfield code="a">Suid-Afrikaanse statistiese tydskrif</subfield>
  </datafield>
  <datafield tag="264" ind1="3" ind2="1">
    <subfield code="a">Pretoria</subfield>
    <subfield code="b">Assoc.</subfield>
    <subfield code="c">1967-</subfield>
  </datafield>
  <datafield tag="300" ind1=" " ind2=" ">
    <subfield code="a">Online-Ressource</subfield>
  </datafield>
  <datafield tag="336" ind1=" " ind2=" ">
    <subfield code="a">Text</subfield>
    <subfield code="b">txt</subfield>
    <subfield code="2">rdacontent</subfield>
  </datafield>
  <datafield tag="337" ind1=" " ind2=" ">
    <subfield code="a">Computermedien</subfield>
    <subfield code="b">c</subfield>
    <subfield code="2">rdamedia</subfield>
  </datafield>
  <datafield tag="338" ind1=" " ind2=" ">
    <subfield code="a">Online-Ressource</subfield>
    <subfield code="b">cr</subfield>
    <subfield code="2">rdacarrier</subfield>
  </datafield>
  <datafield tag="362" ind1="0" ind2=" ">
    <subfield code="a">1.1967 -</subfield>
  </datafield>
  <datafield tag="363" ind1="0" ind2="1">
    <subfield code="a">1</subfield>
    <subfield code="i">1967</subfield>
  </datafield>
  <datafield tag="500" ind1=" " ind2=" ">
    <subfield code="a">Gesehen am 15.12.2016</subfield>
  </datafield>
  <datafield tag="530" ind1=" " ind2=" ">
    <subfield code="a">Digital. Ausg.: Centurion : Sabinet, 2011</subfield>
  </datafield>
  <datafield tag="533" ind1=" " ind2=" ">
    <subfield code="b">Centurion</subfield>
    <subfield code="c">Sabinet</subfield>
    <subfield code="d">2011-2011</subfield>
    <subfield code="7">|20112011||||||</subfield>
    <subfield code="n">Digital. Ausg.: Centurion : Sabinet, 2011</subfield>
  </datafield>
  <datafield tag="591" ind1=" " ind2=" ">
    <subfield code="a">C!URL-Ä(03-01-17)</subfield>
  </datafield>
  <datafield tag="650" ind1=" " ind2="7">
    <subfield code="8">1.1\x</subfield>
    <subfield code="a">Statistische Methode</subfield>
    <subfield code="0">(DE-627)091392101</subfield>
    <subfield code="0">(DE-STW)15064-6</subfield>
    <subfield code="2">stw</subfield>
  </datafield>
  <datafield tag="650" ind1=" " ind2="7">
    <subfield code="8">1.2\x</subfield>
    <subfield code="a">Statistische Methodenlehre</subfield>
    <subfield code="0">(DE-627)09139211X</subfield>
    <subfield code="0">(DE-STW)19581-1</subfield>
    <subfield code="2">stw</subfield>
  </datafield>
  <datafield tag="655" ind1=" " ind2="7">
    <subfield code="a">Zeitschrift</subfield>
    <subfield code="0">(DE-588)4067488-5</subfield>
    <subfield code="0">(DE-627)10454466X</subfield>
    <subfield code="0">(DE-576)20917000X</subfield>
    <subfield code="2">gnd-content</subfield>
  </datafield>
  <datafield tag="710" ind1="2" ind2=" ">
    <subfield code="a">South African Statistical Association</subfield>
    <subfield code="e">Herausgebendes Organ</subfield>
    <subfield code="0">(DE-588)5214830-0</subfield>
    <subfield code="0">(DE-627)231535309</subfield>
    <subfield code="4">isb</subfield>
  </datafield>
  <datafield tag="776" ind1="1" ind2=" ">
    <subfield code="x">0038-271X</subfield>
  </datafield>
  <datafield tag="776" ind1="0" ind2="8">
    <subfield code="i">Erscheint auch als</subfield>
    <subfield code="n">Druck-Ausgabe</subfield>
    <subfield code="t">South African statistical journal</subfield>
    <subfield code="d">Pretoria : Assoc., 1967</subfield>
    <subfield code="w">(DE-627)129616087</subfield>
  </datafield>
  <datafield tag="856" ind1="4" ind2="0">
    <subfield code="u">https://journals.co.za/content/journal/sasj/browse?</subfield>
    <subfield code="x">H ; 1 (1967)-34(2000)</subfield>
    <subfield code="z">Kostenfrei</subfield>
  </datafield>
  <datafield tag="856" ind1="4" ind2="0">
    <subfield code="u">https://journals.co.za/content/journal/sasj/browse?</subfield>
    <subfield code="x">H ; 35 (2001)-</subfield>
  </datafield>
  <datafield tag="856" ind1="4" ind2="0">
    <subfield code="u">http://www.bibliothek.uni-regensburg.de/ezeit/?2743644</subfield>
    <subfield code="x">Frontdoor-Url</subfield>
  </datafield>
  <datafield tag="924" ind1="1" ind2=" ">
    <subfield code="a">1610103718</subfield>
    <subfield code="b">DE-206</subfield>
    <subfield code="9">206</subfield>
    <subfield code="c">GBV</subfield>
    <subfield code="d">b</subfield>
  </datafield>
  <datafield tag="924" ind1="1" ind2=" ">
    <subfield code="a">1610103726</subfield>
    <subfield code="b">DE-206</subfield>
    <subfield code="9">206</subfield>
    <subfield code="c">GBV</subfield>
    <subfield code="d">b</subfield>
  </datafield>
  <datafield tag="935" ind1=" " ind2=" ">
    <subfield code="h">SWB</subfield>
    <subfield code="i">ld</subfield>
  </datafield>
  <datafield tag="951" ind1=" " ind2=" ">
    <subfield code="a">JT</subfield>
  </datafield>
</record>
